@misc{martinez2023boids,
  author       = {Frank Martinez},
  title        = {Boids},
  year         = {2023},
  howpublished = {\url{https://people.engr.tamu.edu/sueda/courses/CSCE450/2023F/projects/Frank_Martinez/index.html}},
}

@inproceedings{reynolds1987flocks,
  author    = {Craig W. Reynolds},
  title     = {Flocks, Herds, and Schools: A Distributed Behavioral Model},
  booktitle = {Proceedings of the 14th Annual Conference on Computer Graphics and Interactive Techniques (SIGGRAPH '87)},
  year      = {1987},
  pages     = {25--34},
  publisher = {ACM},
  address   = {New York, NY, USA},
  doi       = {10.1145/37401.37406}
}

@misc{sung2025distributed,
  author       = {Sung, Cynthia},
  title        = {Distributed Robotics},
  year         = {2025},
  note         = {Lecture course, University of Pennsylvania}
}